<collection xmlns="http://www.loc.gov/MARC21/slim">
<record>
  <leader>02350nam0a2200385 i 450 </leader>
  <controlfield tag="001">IT\ICCU\CNCE\053796</controlfield>
  <controlfield tag="005">20040719000000.0</controlfield>
  <datafield tag="012" ind1=" " ind2=" ">
    <subfield code="a">e-mo all- o-e- Mest (3) 1600 (R)</subfield>
    <subfield code="2">fei</subfield>
  </datafield>
  <datafield tag="100" ind1=" " ind2=" ">
    <subfield code="a">20030107d1600        0itac0103    ba</subfield>
  </datafield>
  <datafield tag="101" ind1=" " ind2=" ">
    <subfield code="a">ITA</subfield>
  </datafield>
  <datafield tag="102" ind1=" " ind2=" ">
    <subfield code="a">IT</subfield>
  </datafield>
  <datafield tag="200" ind1="1" ind2=" ">
    <subfield code="a">℗L&apos;℗Ottomanno del signor Lazaro Soranzo, doue si da&apos; pieno ragguaglio non solamente della potenza del presente signor de&apos; Turchi Mehemeto III de gl&apos;interessi, ch&apos;egli ha con diuersi prencipi, di quanto machina contra il christianesmo, e di quello cheall&apos;incontro si potrebbe a suo danno oprar da noi, ma ancora di varij popoli, siti, citt,̉ e viaggi, con altri particolari di stato necessarij a sapersi nella presente guerra d&apos;Ongheria ...</subfield>
  </datafield>
  <datafield tag="205" ind1=" " ind2=" ">
    <subfield code="a">Quarta editione. Con aggiunta di nouo e copiosissimo indice</subfield>
  </datafield>
  <datafield tag="210" ind1=" " ind2=" ">
    <subfield code="a">In Napoli</subfield>
    <subfield code="c">nella stamparia a Porta Reale</subfield>
    <subfield code="d">per Costantino Vitale</subfield>
    <subfield code="d">1600</subfield>
  </datafield>
  <datafield tag="215" ind1=" " ind2=" ">
    <subfield code="a">\20!, 202, \18! p.</subfield>
    <subfield code="d">4ʻ</subfield>
  </datafield>
  <datafield tag="300" ind1=" " ind2=" ">
    <subfield code="a">A cura di Galeotto Passarelli, il cui nome compare nella prefazione</subfield>
  </datafield>
  <datafield tag="620" ind1=" " ind2=" ">
    <subfield code="a">IT</subfield>
    <subfield code="d">Napoli</subfield>
  </datafield>
  <datafield tag="700" ind1=" " ind2="1">
    <subfield code="a">Soranzo,</subfield>
    <subfield code="b">Lazzaro</subfield>
    <subfield code="3">IT\ICCU\CNCA\009032</subfield>
  </datafield>
  <datafield tag="702" ind1=" " ind2="1">
    <subfield code="a">Passerelli,</subfield>
    <subfield code="b">Galeotto</subfield>
    <subfield code="3">IT\ICCU\CNCA\016843</subfield>
  </datafield>
  <datafield tag="712" ind1="0" ind2="0">
    <subfield code="a">Vitale, Costantino</subfield>
    <subfield code="3">IT\ICCU\CNCT\003230</subfield>
    <subfield code="4">650</subfield>
  </datafield>
  <datafield tag="712" ind1="0" ind2="2">
    <subfield code="a">Tipografo non identificato</subfield>
    <subfield code="3">IT\ICCU\CNCT\003341</subfield>
    <subfield code="4">650</subfield>
  </datafield>
  <datafield tag="790" ind1=" " ind2="1">
    <subfield code="a">Superanzo,</subfield>
    <subfield code="b">Lazzaro</subfield>
    <subfield code="3">IT\ICCU\CNCA\024122</subfield>
    <subfield code="z">Soranzo, Lazzaro</subfield>
  </datafield>
  <datafield tag="790" ind1=" " ind2="1">
    <subfield code="a">Soranzo,</subfield>
    <subfield code="b">Lazaro</subfield>
    <subfield code="3">IT\ICCU\CNCA\024123</subfield>
    <subfield code="z">Soranzo, Lazzaro</subfield>
  </datafield>
  <datafield tag="791" ind1="0" ind2="0">
    <subfield code="a">Vitalis, Constantinus</subfield>
    <subfield code="3">IT\ICCU\CNCT\005901</subfield>
    <subfield code="z">Vitale, Costantino</subfield>
  </datafield>
  <datafield tag="801" ind1=" " ind2="3">
    <subfield code="a">IT</subfield>
    <subfield code="b">ICCU</subfield>
    <subfield code="c">20201115</subfield>
  </datafield>
  <datafield tag="899" ind1=" " ind2=" ">
    <subfield code="a">Biblioteca estera - MSU Libraries - Michigan State University. </subfield>
    <subfield code="1">AA0026</subfield>
  </datafield>
  <datafield tag="899" ind1=" " ind2=" ">
    <subfield code="a">Biblioteca Apostolica Vaticana. Citt ̉del Vaticano</subfield>
    <subfield code="1">EX0001</subfield>
    <subfield code="2">ZCV 01</subfield>
  </datafield>
  <datafield tag="899" ind1=" " ind2=" ">
    <subfield code="a">Biblioteca nazionale Vittorio Emanuele III. Napoli</subfield>
    <subfield code="1">NA0079</subfield>
    <subfield code="2">NAP BN</subfield>
  </datafield>
  <datafield tag="899" ind1=" " ind2=" ">
    <subfield code="a">Biblioteca nazionale centrale. Roma</subfield>
    <subfield code="1">RM0267</subfield>
    <subfield code="2">BVE CR</subfield>
  </datafield>
  <datafield tag="899" ind1=" " ind2=" ">
    <subfield code="a">Biblioteca universitaria Alessandrina. Roma</subfield>
    <subfield code="1">RM0280</subfield>
    <subfield code="2">RML 01</subfield>
  </datafield>
  <datafield tag="899" ind1=" " ind2=" ">
    <subfield code="a">Biblioteca Vallicelliana. Roma</subfield>
    <subfield code="1">RM0281</subfield>
    <subfield code="2">RML 08</subfield>
  </datafield>
  <datafield tag="899" ind1=" " ind2=" ">
    <subfield code="a">Biblioteca dell&apos;Accademia nazionale dei Lincei e Corsiniana. Roma</subfield>
    <subfield code="1">RM0418</subfield>
    <subfield code="2">RML 10</subfield>
  </datafield>
  <datafield tag="899" ind1=" " ind2=" ">
    <subfield code="a">Biblioteca del Convento S. Angelo. Cura di Vetralla</subfield>
    <subfield code="1">VT0094</subfield>
  </datafield>
  <datafield tag="911" ind1=" " ind2=" ">
    <subfield code="a">Sul front.</subfield>
    <subfield code="9">IT\ICCU\CNCM\000694</subfield>
  </datafield>
  <datafield tag="921" ind1=" " ind2=" ">
    <subfield code="a">IT\ICCU\CNCM\000694</subfield>
    <subfield code="b">Aquila che becca una roccia. In cornice</subfield>
    <subfield code="e">Renovabitur.</subfield>
    <subfield code="c">Z139</subfield>
    <subfield code="d">Dimensioni: 2,7 x 3,2</subfield>
    <subfield code="f">AQUILA</subfield>
    <subfield code="f">RENOVABITU</subfield>
    <subfield code="f">ROCCIA</subfield>
    <subfield code="g">1575-1600</subfield>
  </datafield>
</record>
</collection>
